@article{scikit-learn,
    author = {
        Pedregosa, F. and
        Varoquaux, G. and
        Gramfort, A. and
        Michel, V. and
        Thirion, B. and
        Grisel, O. and
        Blondel, M. and
        Prettenhofer, P. and
        Weiss, R. and
        Dubourg, V. and
        Vanderplas, J. and
        Passos, A. and
        Cournapeau, D. and
        Brucher, M. and
        Perrot, M. and
        Duchesnay, E.
    },
    title = {Scikit-learn: Machine Learning in Python},
    journal = {Journal of Machine Learning Research},
    volume = {12},
    pages = {2825--2830},
    year = {2011}
}

@article{K-foldCrossValidation,
    author = {Gautama Putrada, Aji and Alamsyah, Nur and Fauzan, Muhamad and Pane, Syafrial Fachri},
    year = {2023},
    month = {05},
    pages = {11},
    title = {NS-SVM: Bolstering Chicken Egg Harvesting Prediction with Normalization and Standardization},
    volume = {11},
    journal = {JUITA : Jurnal Informatika},
    doi = {10.30595/juita.v11i1.15140}
}

@misc{openai2023chatgpt,
  author = {OpenAI},
  title = {ChatGPT: OpenAI Language Model},
  year = {2023},
  howpublished = {\url{https://openai.com/chatgpt}},
  note = {Accessed: 2024-09-22, 27-09-22}
}

@misc{Hjorth-Jensen_MachineLearning_2023,
  author       = {Hjorth-Jensen, Morten},
  title        = {Machine Learning Lecture Notes},
  year         = {2023},
  howpublished = {\url{https://github.com/CompPhysics/MachineLearning/tree/master/doc/pub}},
  note         = {GitHub repository},
  urldate      = {2024-10-02},
}

@misc{CompPhysics2023,
  author       = {CompPhysics Group},
  title        = {Machine Learning Project 1 - Data Files},
  year         = {2023},
  url          = {https://github.com/CompPhysics/MachineLearning/tree/master/doc/Projects/2023/Project1/DataFiles},
  note         = {Accessed: 2024-10-05}
}


@book{ESL,
    title = {The Elements of Statistical Learning},
    author = {Trevor Hastie, Robert Tibshirani, Jerome Friedman},
    isbn = {978-0-387-84857-0},
    series = {Springer Series in Statistics},
    year = {2016},
    publisher = {Springer},
    keywords = {statistics}
}


@article{hunter-2007matplotlib,
	author = {Hunter, John D},
	journal = {Computing in Science and Engineering},
	month = {1},
	number = {3},
	pages = {90--95},
	title = {{MatPlotLib: a 2D Graphics environment}},
	volume = {9},
	year = {2007},
	url = {https://doi.org/10.1109/mcse.2007.55},
        
}


@article{harris2020numpy,
  title={Array programming with {NumPy}},
  author={Harris, Charles R and Millman, K Jarrod and van der Walt, St{\'e}fan J and Gommers, Ralf and Virtanen, Pauli and Cournapeau, David and Wieser, Eric and Taylor, Julian and Berg, Sebastian and Smith, Nathaniel J and others},
  journal={Nature},
  volume={585},
  number={7825},
  pages={357--362},
  year={2020},
  publisher={Nature Publishing Group},
  doi={10.1038/s41586-020-2649-2}
}


@book{hastie2009elements,
  title={The Elements of Statistical Learning: Data Mining, Inference, and Prediction},
  author={Hastie, Trevor and Tibshirani, Robert and Friedman, Jerome},
  year={2009},
  publisher={Springer},
  edition={2},
  isbn={978-0-387-84857-0}
}

@article{hoerl1970ridge,
  title={Ridge Regression: Biased Estimation for Nonorthogonal Problems},
  author={Hoerl, Arthur E. and Kennard, Robert W.},
  journal={Technometrics},
  volume={12},
  number={1},
  pages={55--67},
  year={1970},
  publisher={Taylor \& Francis}
}

@article{tibshirani1996lasso,
  title={Regression Shrinkage and Selection via the Lasso},
  author={Tibshirani, Robert},
  journal={Journal of the Royal Statistical Society: Series B (Methodological)},
  volume={58},
  number={1},
  pages={267--288},
  year={1996},
  publisher={Wiley}
}

@book{bellman1961adaptive,
  title={Adaptive Control Processes: A Guided Tour},
  author={Bellman, Richard},
  year={1961},
  publisher={Princeton University Press},
  address={Princeton, NJ},
  isbn={978-0-691-07951-6}
}

@book{efron1993bootstrap,
  title={An Introduction to the Bootstrap},
  author={Efron, Bradley and Tibshirani, Robert J.},
  year={1993},
  publisher={Chapman \& Hall/CRC},
  address={New York},
  isbn={978-0-412-04231-7}
}
@article{polyreg_budescu,
    author = {Budescu DV.},
    title = {A Note On Polynomial Regression},
    journal = {Multivariate Behav Res},
    year = {1980},
    doi = {doi: 10.1207/s15327906mbr1504_7}
}

@article{geospatital,
    author = {Jae-Gil Lee, Minseo Kang},
    title = {Geospatial Big Data: Challenges and Opportunities},
    journal = {Big Data Research},
    year = {2015},
    doi = {https://doi.org/10.1016/j.bdr.2015.01.003.}

}
@article{arlot2010survey,
  title={A Survey of Cross-Validation Procedures for Model Selection},
  author={Arlot, Sylvain and Celisse, Alain},
  journal={Statistics Surveys},
  volume={4},
  pages={40--79},
  year={2010},
  publisher={Institute of Mathematical Statistics}
}

@misc{github_copilot,
  author       = {{GitHub}},
  title        = {{GitHub Copilot}},
  year         = {2023},
  howpublished = {\url{https://github.com/features/copilot}},
  note         = {Accessed: October 2, 2024}
}



